[gd_scene load_steps=7 format=2]

[ext_resource path="res://collisions.gd" type="Script" id=1]

[sub_resource type="SphereMesh" id=1]

custom_aabb = AABB( 0, 0, 0, 0, 0, 0 )
radius = 1.0
height = 2.0
radial_segments = 64
rings = 32
is_hemisphere = false

[sub_resource type="SphereShape" id=2]

radius = 1.0

[sub_resource type="SphereShape" id=3]

radius = 1.0

[sub_resource type="PlaneMesh" id=4]

custom_aabb = AABB( 0, 0, 0, 0, 0, 0 )
size = Vector2( 2, 2 )
subdivide_width = 0
subdivide_depth = 0

[sub_resource type="BoxShape" id=5]

extents = Vector3( 15.987, 1, 16.0413 )

[node name="root" type="Spatial"]

script = ExtResource( 1 )

[node name="Camera" type="Camera" parent="." index="0"]

transform = Transform( 1, 0, 0, 0, 0.877747, 0.479125, 0, -0.479125, 0.877747, 0, 17.6955, 32.3075 )
keep_aspect = 1
cull_mask = 1048575
environment = null
h_offset = 0.0
v_offset = 0.0
doppler_tracking = 0
projection = 0
current = false
fov = 70.0
size = 1.0
near = 0.05
far = 100.0

[node name="DirectionalLight" type="DirectionalLight" parent="." index="1"]

transform = Transform( 1, 0, 0, 0, 0.289989, 0.95703, 0, -0.95703, 0.289989, 0, 3.15106, 0 )
layers = 1
light_color = Color( 1, 1, 1, 1 )
light_energy = 1.0
light_indirect_energy = 1.0
light_negative = false
light_specular = 0.5
light_bake_mode = 1
light_cull_mask = -1
shadow_enabled = true
shadow_color = Color( 0, 0, 0, 1 )
shadow_bias = 0.1
shadow_contact = 0.0
shadow_reverse_cull_face = false
editor_only = false
directional_shadow_mode = 2
directional_shadow_split_1 = 0.1
directional_shadow_split_2 = 0.2
directional_shadow_split_3 = 0.5
directional_shadow_blend_splits = false
directional_shadow_normal_bias = 0.8
directional_shadow_bias_split_scale = 0.25
directional_shadow_depth_range = 0
directional_shadow_max_distance = 200.0
_sections_unfolded = [ "Shadow" ]

[node name="spherebody" type="RigidBody" parent="." index="2"]

editor/display_folded = true
transform = Transform( 1, 0, 0, 0, 1, 0, 0, 0, 1, 0, 3.30418, 0 )
input_ray_pickable = true
input_capture_on_drag = false
collision_layer = 1
collision_mask = 1
mode = 0
mass = 1.0
friction = 1.0
bounce = 1.0
gravity_scale = 1.0
custom_integrator = false
continuous_cd = false
contacts_reported = 0
contact_monitor = false
sleeping = false
can_sleep = true
axis_lock_linear_x = false
axis_lock_linear_y = false
axis_lock_linear_z = false
axis_lock_angular_x = false
axis_lock_angular_y = false
axis_lock_angular_z = false
linear_velocity = Vector3( 0, 0, 0 )
linear_damp = -1.0
angular_velocity = Vector3( 0, 0, 0 )
angular_damp = -1.0

[node name="sphere" type="MeshInstance" parent="spherebody" index="0"]

layers = 1
material_override = null
cast_shadow = 1
extra_cull_margin = 0.0
use_in_baked_light = false
lod_min_distance = 0.0
lod_min_hysteresis = 0.0
lod_max_distance = 0.0
lod_max_hysteresis = 0.0
mesh = SubResource( 1 )
skeleton = NodePath("..")
material/0 = null

[node name="sphereshape" type="CollisionShape" parent="spherebody" index="1"]

shape = SubResource( 2 )
disabled = false

[node name="spherebody5" type="RigidBody" parent="." index="3"]

editor/display_folded = true
transform = Transform( 1, 0, 0, 0, 1, 0, 0, 0, 1, 0, 20.1784, 0 )
input_ray_pickable = true
input_capture_on_drag = false
collision_layer = 1
collision_mask = 1
mode = 0
mass = 1.0
friction = 1.0
bounce = 0.0
gravity_scale = 1.0
custom_integrator = false
continuous_cd = false
contacts_reported = 0
contact_monitor = false
sleeping = false
can_sleep = true
axis_lock_linear_x = false
axis_lock_linear_y = false
axis_lock_linear_z = false
axis_lock_angular_x = false
axis_lock_angular_y = false
axis_lock_angular_z = false
linear_velocity = Vector3( 0, 0, 0 )
linear_damp = -1.0
angular_velocity = Vector3( 0, 0, 0 )
angular_damp = -1.0

[node name="sphere" type="MeshInstance" parent="spherebody5" index="0"]

layers = 1
material_override = null
cast_shadow = 1
extra_cull_margin = 0.0
use_in_baked_light = false
lod_min_distance = 0.0
lod_min_hysteresis = 0.0
lod_max_distance = 0.0
lod_max_hysteresis = 0.0
mesh = SubResource( 1 )
skeleton = NodePath("..")
material/0 = null

[node name="sphereshape" type="CollisionShape" parent="spherebody5" index="1"]

shape = SubResource( 2 )
disabled = false

[node name="spherebody2" type="RigidBody" parent="." index="4"]

editor/display_folded = true
transform = Transform( 1, 0, 0, 0, 1, 0, 0, 0, 1, 0.318115, 8.55051, 0 )
input_ray_pickable = true
input_capture_on_drag = false
collision_layer = 1
collision_mask = 1
mode = 0
mass = 1.0
friction = 1.0
bounce = 0.0
gravity_scale = 1.0
custom_integrator = false
continuous_cd = false
contacts_reported = 0
contact_monitor = false
sleeping = false
can_sleep = true
axis_lock_linear_x = false
axis_lock_linear_y = false
axis_lock_linear_z = false
axis_lock_angular_x = false
axis_lock_angular_y = false
axis_lock_angular_z = false
linear_velocity = Vector3( 0, 0, 0 )
linear_damp = -1.0
angular_velocity = Vector3( 0, 0, 0 )
angular_damp = -1.0

[node name="sphere" type="MeshInstance" parent="spherebody2" index="0"]

layers = 1
material_override = null
cast_shadow = 1
extra_cull_margin = 0.0
use_in_baked_light = false
lod_min_distance = 0.0
lod_min_hysteresis = 0.0
lod_max_distance = 0.0
lod_max_hysteresis = 0.0
mesh = SubResource( 1 )
skeleton = NodePath("..")
material/0 = null

[node name="sphereshape" type="CollisionShape" parent="spherebody2" index="1"]

shape = SubResource( 3 )
disabled = false

[node name="spherebody4" type="RigidBody" parent="." index="5"]

editor/display_folded = true
transform = Transform( 1, 0, 0, 0, 1, 0, 0, 0, 1, 0.318115, 25.4248, 0 )
input_ray_pickable = true
input_capture_on_drag = false
collision_layer = 1
collision_mask = 1
mode = 0
mass = 1.0
friction = 1.0
bounce = 0.0
gravity_scale = 1.0
custom_integrator = false
continuous_cd = false
contacts_reported = 0
contact_monitor = false
sleeping = false
can_sleep = true
axis_lock_linear_x = false
axis_lock_linear_y = false
axis_lock_linear_z = false
axis_lock_angular_x = false
axis_lock_angular_y = false
axis_lock_angular_z = false
linear_velocity = Vector3( 0, 0, 0 )
linear_damp = -1.0
angular_velocity = Vector3( 0, 0, 0 )
angular_damp = -1.0

[node name="sphere" type="MeshInstance" parent="spherebody4" index="0"]

layers = 1
material_override = null
cast_shadow = 1
extra_cull_margin = 0.0
use_in_baked_light = false
lod_min_distance = 0.0
lod_min_hysteresis = 0.0
lod_max_distance = 0.0
lod_max_hysteresis = 0.0
mesh = SubResource( 1 )
skeleton = NodePath("..")
material/0 = null

[node name="sphereshape" type="CollisionShape" parent="spherebody4" index="1"]

shape = SubResource( 3 )
disabled = false

[node name="spherebody3" type="RigidBody" parent="." index="6"]

editor/display_folded = true
transform = Transform( 1, 0, 0, 0, 1, 0, 0, 0, 1, -0.180664, 13.9817, 0 )
input_ray_pickable = true
input_capture_on_drag = false
collision_layer = 1
collision_mask = 1
mode = 0
mass = 1.0
friction = 1.0
bounce = 0.0
gravity_scale = 1.0
custom_integrator = false
continuous_cd = false
contacts_reported = 0
contact_monitor = false
sleeping = false
can_sleep = true
axis_lock_linear_x = false
axis_lock_linear_y = false
axis_lock_linear_z = false
axis_lock_angular_x = false
axis_lock_angular_y = false
axis_lock_angular_z = false
linear_velocity = Vector3( 0, 0, 0 )
linear_damp = -1.0
angular_velocity = Vector3( 0, 0, 0 )
angular_damp = -1.0

[node name="sphere" type="MeshInstance" parent="spherebody3" index="0"]

layers = 1
material_override = null
cast_shadow = 1
extra_cull_margin = 0.0
use_in_baked_light = false
lod_min_distance = 0.0
lod_min_hysteresis = 0.0
lod_max_distance = 0.0
lod_max_hysteresis = 0.0
mesh = SubResource( 1 )
skeleton = NodePath("..")
material/0 = null

[node name="sphereshape" type="CollisionShape" parent="spherebody3" index="1"]

shape = SubResource( 2 )
disabled = false

[node name="spherebody6" type="RigidBody" parent="." index="7"]

transform = Transform( 1, 0, 0, 0, 1, 0, 0, 0, 1, -0.180664, 30.8559, 0 )
input_ray_pickable = true
input_capture_on_drag = false
collision_layer = 1
collision_mask = 1
mode = 0
mass = 1.0
friction = 1.0
bounce = 0.0
gravity_scale = 1.0
custom_integrator = false
continuous_cd = false
contacts_reported = 100
contact_monitor = true
sleeping = false
can_sleep = false
axis_lock_linear_x = false
axis_lock_linear_y = false
axis_lock_linear_z = false
axis_lock_angular_x = false
axis_lock_angular_y = false
axis_lock_angular_z = false
linear_velocity = Vector3( 0, 0, 0 )
linear_damp = -1.0
angular_velocity = Vector3( 0, 0, 0 )
angular_damp = -1.0
_sections_unfolded = [ "Angular", "Axis Lock", "Collision", "Linear", "Transform", "Visibility" ]

[node name="sphere" type="MeshInstance" parent="spherebody6" index="0"]

layers = 1
material_override = null
cast_shadow = 1
extra_cull_margin = 0.0
use_in_baked_light = false
lod_min_distance = 0.0
lod_min_hysteresis = 0.0
lod_max_distance = 0.0
lod_max_hysteresis = 0.0
mesh = SubResource( 1 )
skeleton = NodePath("..")
material/0 = null

[node name="sphereshape" type="CollisionShape" parent="spherebody6" index="1"]

shape = SubResource( 2 )
disabled = false

[node name="floorbody" type="RigidBody" parent="." index="8"]

editor/display_folded = true
input_ray_pickable = true
input_capture_on_drag = false
collision_layer = 1
collision_mask = 1
mode = 1
mass = 1.0
friction = 1.0
bounce = 1.0
gravity_scale = 1.0
custom_integrator = false
continuous_cd = false
contacts_reported = 100
contact_monitor = true
sleeping = false
can_sleep = true
axis_lock_linear_x = false
axis_lock_linear_y = false
axis_lock_linear_z = false
axis_lock_angular_x = false
axis_lock_angular_y = false
axis_lock_angular_z = false
linear_velocity = Vector3( 0, 0, 0 )
linear_damp = -1.0
angular_velocity = Vector3( 0, 0, 0 )
angular_damp = -1.0

[node name="floor" type="MeshInstance" parent="floorbody" index="0"]

transform = Transform( 15.6941, 0, 0, 0, 1, 0, 0, 0, 15.6941, 0, 0, 0 )
layers = 1
material_override = null
cast_shadow = 1
extra_cull_margin = 0.0
use_in_baked_light = false
lod_min_distance = 0.0
lod_min_hysteresis = 0.0
lod_max_distance = 0.0
lod_max_hysteresis = 0.0
mesh = SubResource( 4 )
skeleton = NodePath("..")
material/0 = null

[node name="collider" type="CollisionShape" parent="floorbody" index="1"]

shape = SubResource( 5 )
disabled = false

[node name="collider2" type="CollisionShape" parent="floorbody" index="2"]

shape = SubResource( 5 )
disabled = false

[connection signal="body_shape_entered" from="spherebody6" to="." method="_on_spherebody6_body_shape_entered"]

[connection signal="body_entered" from="floorbody" to="." method="_on_floorbody_body_entered"]

[connection signal="body_shape_entered" from="floorbody" to="." method="_on_floorbody_body_shape_entered"]


